2908 4412
482 1035 527 1118 P.
568 1033 833 1116 VERGILI
883 1035 1110 1118 MARON
1118 1035 1175 1119 IS

451 1195 466 1208 ”
682 1222 884 1292 ecroun
924 1224 977 1290 rv

435 1513 581 1574 Sicelides
597 1515 714 1585 Musae,
729 1513 820 1591 paulo
834 1513 947 1574 maiora
961 1532 1113 1576 canamus.

435 1614 507 1673 Non
521 1631 629 1672 omnes
638 1612 760 1672 arbusta
774 1611 876 1672 iuvant
891 1611 1079 1690 humilesque
1094 1613 1240 1692 myricae3

435 1710 459 1771 si
474 1710 610 1771 canimus
626 1709 724 1783 siluas,
741 1709 835 1772 siluae
849 1709 909 1772 sint
922 1713 1046 1773 consule
1060 1711 1177 1791 dignae.

495 1907 611 1971 Ultima
626 1909 753 1973 Cumaei
767 1909 852 1970 uenit
866 1910 926 1970 iam
941 1907 1080 1971 carminis
1094 1921 1195 1988 aetas3

375 2025 390 2086 5
435 2026 560 2085 magnus
574 2007 613 2068 ab
629 2006 745 2085 integro
760 2008 927 2068 saeclorum
941 2006 1072 2068 nascitur
1086 2009 1170 2071 ordo.

435 2107 501 2167 Iam
516 2105 593 2168 redit
606 2115 637 2166 et
651 2105 744 2184 uirgo,
760 2105 887 2168 redeunt
901 2105 1038 2168 Saturnia
1052 2125 1162 2184 regna;

433 2203 493 2265 iarn
508 2222 590 2264 noua
603 2202 760 2282 progenies
775 2205 859 2265 caelo
874 2202 1040 2266 demittitur
1053 2207 1123 2266 alto.

433 2304 481 2362 Tu
496 2302 590 2363 modo
604 2299 740 2364 nascenti
753 2321 856 2380 puero,
872 2320 934 2380 quo
948 2303 1042 2366 ferrea
1055 2302 1185 2382 primurn

433 2399 552 2462 desinet
565 2419 601 2460 ac
616 2409 681 2460 toto
695 2410 796 2478 surget
808 2419 882 2478 gens
895 2419 985 2461 aurea
999 2402 1124 2478 mundo,

377 2518 413 2558 ιο
434 2508 516 2559 casta
530 2499 598 2559 saue
613 2497 747 2558 Lucina:
768 2507 838 2558 tuus
852 2497 912 2558 iarn
927 2508 1029 2577 regnat
1044 2501 1163 2578 Apollo.

433 2598 540 2674 Teque
553 2595 632 2656 adeo
645 2596 739 2658 decus
753 2596 812 2656 hoc
826 2597 902 2672 aeui,
918 2605 948 2657 te
962 2599 1087 2658 consule
1101 2598 1196 2674 inibit,

434 2691 540 2766 Pollio,
557 2702 586 2752 et
601 2690 745 2770 incipient
760 2690 861 2770 magni
874 2693 1037 2770 procedere
1051 2713 1188 2772 menses;

433 2801 463 2853 te
478 2791 565 2863 duce,
581 2788 679 2868 siqua
694 2800 818 2852 manent
832 2790 951 2852 sceleris
965 2790 1090 2870 uestigia
1105 2792 1206 2870 nostri,

433 2883 521 2945 inrita
534 2894 678 2963 perpetua
691 2885 810 2945 soluent
823 2884 983 2947 formidine
996 2896 1095 2948 terras.

376 3003 389 3043 r
395 3001 411 3062 5
435 2984 491 3044 Ille
505 2983 597 3044 deum
611 2982 705 3043 uitam
719 2983 846 3061 accipiet
860 2982 1000 3062 diuisque
1013 2985 1130 3047 uidebit

433 3081 595 3160 permixtos
610 3083 725 3155 heroas,
741 3092 770 3142 et
785 3081 850 3159 ipse
863 3080 1016 3144 uidebitur
1028 3082 1094 3158 illis,

433 3189 634 3260 pacatumque
648 3189 729 3258 reget
743 3178 845 3258 patriis
859 3179 1020 3242 uirtutibus
1034 3182 1146 3245 orbem.
