<?xml version="1.0" encoding="UTF-8"?>
<!DOCTYPE html PUBLIC "-//W3C//DTD XHTML 1.0 Transitional//EN"
    "http://www.w3.org/TR/xhtml1/DTD/xhtml1-transitional.dtd">
<html xmlns="http://www.w3.org/1999/xhtml" xml:lang="en" lang="en">
 <head>
  <title>
</title>
<meta http-equiv="Content-Type" content="text/html;charset=utf-8" />
  <meta name='ocr-system' content='tesseract 3.04.00' />
  <meta name='ocr-capabilities' content='ocr_page ocr_carea ocr_par ocr_line ocrx_word'/>
</head>
<body>
  <div class='ocr_page' id='page_1' title='image "./virgilsmessiani02fowlgoog_0021.png"; bbox 0 0 2908 4412; ppageno 0'>
   <div class='ocr_carea' id='block_1_1' title="bbox 363 380 920 448">
    <p class='ocr_par' dir='ltr' id='par_1_1' title="bbox 363 380 920 448">
     <span class='ocr_line' id='line_1_1' title="bbox 363 380 920 448; baseline -0.007 -17"><span class='ocrx_word' id='word_1_1' title='bbox 363 385 385 448; x_wconf 93' lang='lat'>4</span> <span class='ocrx_word' id='word_1_2' title='bbox 711 380 857 430; x_wconf 73' lang='lat' dir='ltr'>senona</span> <span class='ocrx_word' id='word_1_3' title='bbox 880 381 920 428; x_wconf 82' lang='grc' dir='ltr'>ιν</span> 
     </span>
    </p>
   </div>
   <div class='ocr_carea' id='block_1_2' title="bbox 366 526 1176 1296">
    <p class='ocr_par' dir='ltr' id='par_1_2' title="bbox 423 526 1146 706">
     <span class='ocr_line' id='line_1_2' title="bbox 424 526 1138 607; baseline 0 -19"><span class='ocrx_word' id='word_1_4' title='bbox 424 531 465 588; x_wconf 87' lang='lat' dir='ltr'>At</span> <span class='ocrx_word' id='word_1_5' title='bbox 480 526 535 589; x_wconf 90' lang='lat' dir='ltr'>tibi</span> <span class='ocrx_word' id='word_1_6' title='bbox 548 528 651 607; x_wconf 83' lang='lat' dir='ltr'>prima,</span> <span class='ocrx_word' id='word_1_7' title='bbox 667 547 749 607; x_wconf 89' lang='lat' dir='ltr'>puer,</span> <span class='ocrx_word' id='word_1_8' title='bbox 765 529 849 590; x_wconf 88' lang='lat' dir='ltr'>nullo</span> <span class='ocrx_word' id='word_1_9' title='bbox 863 528 1042 590; x_wconf 87' lang='lat' dir='ltr'>munuscula</span> <span class='ocrx_word' id='word_1_10' title='bbox 1056 528 1138 589; x_wconf 90' lang='lat' dir='ltr'>cultu</span> 
     </span>
     <span class='ocr_line' id='line_1_3' title="bbox 423 626 1146 706; baseline 0 -18"><span class='ocrx_word' id='word_1_11' title='bbox 423 638 554 688; x_wconf 84' lang='lat' dir='ltr'>errantes</span> <span class='ocrx_word' id='word_1_12' title='bbox 568 628 696 689; x_wconf 88' lang='lat' dir='ltr'>hederas</span> <span class='ocrx_word' id='word_1_13' title='bbox 709 626 820 706; x_wconf 89' lang='lat' dir='ltr'>passim</span> <span class='ocrx_word' id='word_1_14' title='bbox 835 646 904 689; x_wconf 89' lang='lat' dir='ltr'>cum</span> <span class='ocrx_word' id='word_1_15' title='bbox 920 627 1044 688; x_wconf 82' lang='lat' dir='ltr'>baccare</span> <span class='ocrx_word' id='word_1_16' title='bbox 1058 628 1146 688; x_wconf 92' lang='lat' dir='ltr'>tellus</span> 
     </span>
    </p>

    <p class='ocr_par' dir='ltr' id='par_1_3' title="bbox 366 725 1176 1196">
     <span class='ocr_line' id='line_1_4' title="bbox 366 725 1137 804; baseline 0 -19"><span class='ocrx_word' id='word_1_17' title='bbox 366 745 403 786; x_wconf 68' lang='grc' dir='ltr'>κο</span> <span class='ocrx_word' id='word_1_18' title='bbox 424 726 576 804; x_wconf 88' lang='lat' dir='ltr'>mixtaque</span> <span class='ocrx_word' id='word_1_19' title='bbox 589 725 700 787; x_wconf 86' lang='lat' dir='ltr'>ridenti</span> <span class='ocrx_word' id='word_1_20' title='bbox 714 725 864 787; x_wconf 82' lang='lat' dir='ltr'>colocasia</span> <span class='ocrx_word' id='word_1_21' title='bbox 877 727 984 786; x_wconf 88' lang='lat' dir='ltr'>fundet</span> <span class='ocrx_word' id='word_1_22' title='bbox 997 727 1137 786; x_wconf 87' lang='lat' dir='ltr'>acantho.</span> 
     </span>
     <span class='ocr_line' id='line_1_5' title="bbox 425 824 1176 902; baseline 0.003 -18"><span class='ocrx_word' id='word_1_23' title='bbox 425 825 513 902; x_wconf 87' lang='lat' dir='ltr'>Ipsae</span> <span class='ocrx_word' id='word_1_24' title='bbox 526 826 603 886; x_wconf 87' lang='lat' dir='ltr'>lacte</span> <span class='ocrx_word' id='word_1_25' title='bbox 617 825 743 886; x_wconf 90' lang='lat' dir='ltr'>domum</span> <span class='ocrx_word' id='word_1_26' title='bbox 758 826 885 886; x_wconf 87' lang='lat' dir='ltr'>referent</span> <span class='ocrx_word' id='word_1_27' title='bbox 899 824 1030 885; x_wconf 84' lang='lat' dir='ltr'>distenta</span> <span class='ocrx_word' id='word_1_28' title='bbox 1043 825 1176 902; x_wconf 81' lang='lat' dir='ltr'>capellae</span> 
     </span>
     <span class='ocr_line' id='line_1_6' title="bbox 424 922 1157 1002; baseline -0.004 -17"><span class='ocrx_word' id='word_1_29' title='bbox 424 922 524 997; x_wconf 88' lang='lat' dir='ltr'>ubera,</span> <span class='ocrx_word' id='word_1_30' title='bbox 539 942 596 984; x_wconf 93' lang='lat' dir='ltr'>nec</span> <span class='ocrx_word' id='word_1_31' title='bbox 611 941 735 1002; x_wconf 86' lang='lat' dir='ltr'>magnos</span> <span class='ocrx_word' id='word_1_32' title='bbox 750 933 885 983; x_wconf 90' lang='lat' dir='ltr'>metuent</span> <span class='ocrx_word' id='word_1_33' title='bbox 897 933 1034 984; x_wconf 86' lang='lat' dir='ltr'>armenta</span> <span class='ocrx_word' id='word_1_34' title='bbox 1046 925 1157 984; x_wconf 90' lang='lat' dir='ltr'>leones.</span> 
     </span>
     <span class='ocr_line' id='line_1_7' title="bbox 426 1019 1135 1097; baseline 0 -17"><span class='ocrx_word' id='word_1_35' title='bbox 426 1021 497 1097; x_wconf 90' lang='lat' dir='ltr'>Ipsa</span> <span class='ocrx_word' id='word_1_36' title='bbox 509 1019 564 1079; x_wconf 93' lang='lat' dir='ltr'>tibi</span> <span class='ocrx_word' id='word_1_37' title='bbox 579 1020 707 1082; x_wconf 89' lang='lat' dir='ltr'>blandos</span> <span class='ocrx_word' id='word_1_38' title='bbox 721 1021 850 1082; x_wconf 81' lang='lat' dir='ltr'>fundent</span> <span class='ocrx_word' id='word_1_39' title='bbox 863 1019 1014 1081; x_wconf 89' lang='lat' dir='ltr'>cunabula</span> <span class='ocrx_word' id='word_1_40' title='bbox 1027 1020 1114 1080; x_wconf 89' lang='lat' dir='ltr'>flores</span> <span class='ocrx_word' id='word_1_41' title='bbox 1125 1040 1135 1096; x_wconf 91' lang='lat'>,·</span> 
     </span>
     <span class='ocr_line' id='line_1_8' title="bbox 425 1117 1111 1196; baseline 0 -18"><span class='ocrx_word' id='word_1_42' title='bbox 425 1117 544 1179; x_wconf 89' lang='lat' dir='ltr'>occidet</span> <span class='ocrx_word' id='word_1_43' title='bbox 558 1130 588 1179; x_wconf 92' lang='lat' dir='ltr'>et</span> <span class='ocrx_word' id='word_1_44' title='bbox 602 1138 733 1196; x_wconf 88' lang='lat' dir='ltr'>serpens,</span> <span class='ocrx_word' id='word_1_45' title='bbox 749 1129 778 1178; x_wconf 88' lang='lat' dir='ltr'>et</span> <span class='ocrx_word' id='word_1_46' title='bbox 792 1119 879 1179; x_wconf 88' lang='lat' dir='ltr'>fallax</span> <span class='ocrx_word' id='word_1_47' title='bbox 893 1118 987 1179; x_wconf 90' lang='lat' dir='ltr'>herba</span> <span class='ocrx_word' id='word_1_48' title='bbox 1001 1118 1111 1180; x_wconf 87' lang='lat' dir='ltr'>ueneni</span> 
     </span>
    </p>

    <p class='ocr_par' dir='ltr' id='par_1_4' title="bbox 366 1215 1170 1296">
     <span class='ocr_line' id='line_1_9' title="bbox 366 1215 1170 1296; baseline 0.002 -22"><span class='ocrx_word' id='word_1_49' title='bbox 366 1232 401 1296; x_wconf 83' lang='lat'>25</span> <span class='ocrx_word' id='word_1_50' title='bbox 424 1215 562 1292; x_wconf 85' lang='lat' dir='ltr'>occidet;</span> <span class='ocrx_word' id='word_1_51' title='bbox 583 1216 737 1295; x_wconf 89' lang='lat' dir='ltr'>Assyrium</span> <span class='ocrx_word' id='word_1_52' title='bbox 752 1218 842 1294; x_wconf 87' lang='lat' dir='ltr'>uolgo</span> <span class='ocrx_word' id='word_1_53' title='bbox 856 1227 994 1278; x_wconf 87' lang='lat' dir='ltr'>nascetur</span> <span class='ocrx_word' id='word_1_54' title='bbox 1008 1234 1170 1277; x_wconf 88' lang='lat' dir='ltr'>amomum.</span> 
     </span>
    </p>
   </div>
   <div class='ocr_carea' id='block_1_3' title="bbox 359 1907 1264 3163">
    <p class='ocr_par' dir='ltr' id='par_1_5' title="bbox 359 1907 1264 3163">
     <span class='ocr_line' id='line_1_10' title="bbox 421 1907 1105 1989; baseline 0.001 -20"><span class='ocrx_word' id='word_1_55' title='bbox 421 1911 463 1969; x_wconf 90' lang='lat' dir='ltr'>At</span> <span class='ocrx_word' id='word_1_56' title='bbox 476 1909 565 1970; x_wconf 89' lang='lat' dir='ltr'>simul</span> <span class='ocrx_word' id='word_1_57' title='bbox 579 1910 705 1971; x_wconf 84' lang='lat' dir='ltr'>heroum</span> <span class='ocrx_word' id='word_1_58' title='bbox 720 1911 824 1972; x_wconf 89' lang='lat' dir='ltr'>laudes</span> <span class='ocrx_word' id='word_1_59' title='bbox 838 1921 869 1973; x_wconf 89' lang='lat' dir='ltr'>et</span> <span class='ocrx_word' id='word_1_60' title='bbox 882 1912 961 1971; x_wconf 81' lang='lat' dir='ltr'>facta</span> <span class='ocrx_word' id='word_1_61' title='bbox 974 1907 1105 1989; x_wconf 88' lang='lat' dir='ltr'>parentis</span> 
     </span>
     <span class='ocr_line' id='line_1_11' title="bbox 421 2004 1217 2087; baseline 0 -21"><span class='ocrx_word' id='word_1_62' title='bbox 421 2006 480 2066; x_wconf 87' lang='lat' dir='ltr'>iam</span> <span class='ocrx_word' id='word_1_63' title='bbox 495 2009 592 2084; x_wconf 87' lang='lat' dir='ltr'>legere</span> <span class='ocrx_word' id='word_1_64' title='bbox 605 2018 636 2069; x_wconf 91' lang='lat' dir='ltr'>et</span> <span class='ocrx_word' id='word_1_65' title='bbox 649 2027 728 2087; x_wconf 89' lang='lat' dir='ltr'>quae</span> <span class='ocrx_word' id='word_1_66' title='bbox 742 2007 780 2068; x_wconf 90' lang='lat' dir='ltr'>sit</span> <span class='ocrx_word' id='word_1_67' title='bbox 793 2009 905 2086; x_wconf 91' lang='lat' dir='ltr'>poteris</span> <span class='ocrx_word' id='word_1_68' title='bbox 918 2025 1101 2086; x_wconf 87' lang='lat' dir='ltr'>cognoscere</span> <span class='ocrx_word' id='word_1_69' title='bbox 1114 2004 1217 2080; x_wconf 87' lang='lat' dir='ltr'>uirtus,</span> 
     </span>
     <span class='ocr_line' id='line_1_12' title="bbox 382 2104 1069 2184; baseline 0.003 -20"><span class='ocrx_word' id='word_1_70' title='bbox 382 2109 385 2118; x_wconf 86' lang='lat'>&#39;</span> <span class='ocrx_word' id='word_1_71' title='bbox 421 2104 506 2165; x_wconf 90' lang='lat' dir='ltr'>molli</span> <span class='ocrx_word' id='word_1_72' title='bbox 520 2107 663 2182; x_wconf 90' lang='lat' dir='ltr'>paulatim</span> <span class='ocrx_word' id='word_1_73' title='bbox 678 2107 820 2168; x_wconf 87' lang='lat' dir='ltr'>flauescet</span> <span class='ocrx_word' id='word_1_74' title='bbox 834 2125 958 2184; x_wconf 91' lang='lat' dir='ltr'>campus</span> <span class='ocrx_word' id='word_1_75' title='bbox 972 2105 1069 2178; x_wconf 87' lang='lat' dir='ltr'>arista,</span> 
     </span>
     <span class='ocr_line' id='line_1_13' title="bbox 420 2201 1115 2283; baseline 0.003 -23"><span class='ocrx_word' id='word_1_76' title='bbox 420 2201 601 2281; x_wconf 85' lang='lat' dir='ltr'>incultisque</span> <span class='ocrx_word' id='word_1_77' title='bbox 614 2206 725 2266; x_wconf 90' lang='lat' dir='ltr'>rubens</span> <span class='ocrx_word' id='word_1_78' title='bbox 739 2203 883 2283; x_wconf 88' lang='lat' dir='ltr'>pendebit</span> <span class='ocrx_word' id='word_1_79' title='bbox 897 2203 1032 2264; x_wconf 90' lang='lat' dir='ltr'>sentibus</span> <span class='ocrx_word' id='word_1_80' title='bbox 1046 2221 1115 2276; x_wconf 90' lang='lat' dir='ltr'>uua,</span> 
     </span>
     <span class='ocr_line' id='line_1_14' title="bbox 360 2301 1113 2379; baseline 0.001 -21"><span class='ocrx_word' id='word_1_81' title='bbox 360 2318 399 2376; x_wconf 81' lang='lat'>30</span> <span class='ocrx_word' id='word_1_82' title='bbox 420 2310 450 2360; x_wconf 91' lang='lat' dir='ltr'>et</span> <span class='ocrx_word' id='word_1_83' title='bbox 464 2301 557 2363; x_wconf 89' lang='lat' dir='ltr'>durae</span> <span class='ocrx_word' id='word_1_84' title='bbox 571 2321 699 2379; x_wconf 89' lang='lat' dir='ltr'>quercus</span> <span class='ocrx_word' id='word_1_85' title='bbox 714 2302 868 2363; x_wconf 84' lang='lat' dir='ltr'>sudabunt</span> <span class='ocrx_word' id='word_1_86' title='bbox 883 2301 1001 2363; x_wconf 89' lang='lat' dir='ltr'>roscida</span> <span class='ocrx_word' id='word_1_87' title='bbox 1015 2301 1113 2362; x_wconf 89' lang='lat' dir='ltr'>mella.</span> 
     </span>
     <span class='ocr_line' id='line_1_15' title="bbox 420 2395 1196 2478; baseline 0 -20"><span class='ocrx_word' id='word_1_88' title='bbox 420 2400 521 2459; x_wconf 89' lang='lat' dir='ltr'>Pauca</span> <span class='ocrx_word' id='word_1_89' title='bbox 534 2410 636 2461; x_wconf 89' lang='lat' dir='ltr'>tamen</span> <span class='ocrx_word' id='word_1_90' title='bbox 650 2401 795 2461; x_wconf 88' lang='lat' dir='ltr'>suberunt</span> <span class='ocrx_word' id='word_1_91' title='bbox 810 2400 923 2478; x_wconf 88' lang='lat' dir='ltr'>priscae</span> <span class='ocrx_word' id='word_1_92' title='bbox 937 2398 1062 2478; x_wconf 87' lang='lat' dir='ltr'>uestigia</span> <span class='ocrx_word' id='word_1_93' title='bbox 1075 2395 1196 2470; x_wconf 82' lang='lat' dir='ltr'>fraudis,</span> 
     </span>
     <span class='ocr_line' id='line_1_16' title="bbox 419 2493 1264 2576; baseline -0.004 -21"><span class='ocrx_word' id='word_1_94' title='bbox 419 2513 497 2572; x_wconf 86' lang='lat' dir='ltr'>quae</span> <span class='ocrx_word' id='word_1_95' title='bbox 530 2507 678 2576; x_wconf 89' lang='lat' dir='ltr'>temptare</span> <span class='ocrx_word' id='word_1_96' title='bbox 711 2497 834 2558; x_wconf 91' lang='lat' dir='ltr'>Thetim</span> <span class='ocrx_word' id='word_1_97' title='bbox 873 2496 995 2571; x_wconf 65' lang='lat' dir='ltr'>ratibus</span> <span class='ocrx_word' id='word_1_98' title='bbox 1031 2515 1109 2574; x_wconf 91' lang='lat' dir='ltr'>quae</span> <span class='ocrx_word' id='word_1_99' title='bbox 1145 2493 1264 2572; x_wconf 88' lang='lat' dir='ltr'>cingere</span> 
     </span>
     <span class='ocr_line' id='line_1_17' title="bbox 482 2593 574 2655; baseline 0.022 -2"><span class='ocrx_word' id='word_1_100' title='bbox 482 2593 574 2655; x_wconf 90' lang='lat' dir='ltr'>muris</span> 
     </span>
     <span class='ocr_line' id='line_1_18' title="bbox 419 2689 1166 2770; baseline -0.003 -21"><span class='ocrx_word' id='word_1_101' title='bbox 419 2691 540 2768; x_wconf 90' lang='lat' dir='ltr'>oppida,</span> <span class='ocrx_word' id='word_1_102' title='bbox 557 2711 635 2770; x_wconf 90' lang='lat' dir='ltr'>quae</span> <span class='ocrx_word' id='word_1_103' title='bbox 649 2689 772 2754; x_wconf 88' lang='lat' dir='ltr'>iubeant</span> <span class='ocrx_word' id='word_1_104' title='bbox 786 2692 883 2753; x_wconf 87' lang='lat' dir='ltr'>telluri</span> <span class='ocrx_word' id='word_1_105' title='bbox 897 2691 1044 2753; x_wconf 88' lang='lat' dir='ltr'>infindere</span> <span class='ocrx_word' id='word_1_106' title='bbox 1058 2690 1166 2750; x_wconf 90' lang='lat' dir='ltr'>sulcos.</span> 
     </span>
     <span class='ocr_line' id='line_1_19' title="bbox 418 2786 1263 2869; baseline -0.001 -23"><span class='ocrx_word' id='word_1_107' title='bbox 418 2789 503 2849; x_wconf 81' lang='lat' dir='ltr'>Alter</span> <span class='ocrx_word' id='word_1_108' title='bbox 536 2790 592 2851; x_wconf 89' lang='lat' dir='ltr'>erit</span> <span class='ocrx_word' id='word_1_109' title='bbox 626 2801 690 2851; x_wconf 91' lang='lat' dir='ltr'>tum</span> <span class='ocrx_word' id='word_1_110' title='bbox 724 2789 848 2869; x_wconf 86' lang='lat' dir='ltr'>Tiphys,</span> <span class='ocrx_word' id='word_1_111' title='bbox 885 2800 915 2850; x_wconf 88' lang='lat' dir='ltr'>et</span> <span class='ocrx_word' id='word_1_112' title='bbox 948 2791 1040 2850; x_wconf 89' lang='lat' dir='ltr'>altera</span> <span class='ocrx_word' id='word_1_113' title='bbox 1067 2805 1145 2865; x_wconf 91' lang='lat' dir='ltr'>quae</span> <span class='ocrx_word' id='word_1_114' title='bbox 1172 2786 1263 2847; x_wconf 88' lang='lat' dir='ltr'>uehat</span> 
     </span>
     <span class='ocr_line' id='line_1_20' title="bbox 480 2888 562 2964; baseline 0.024 -18"><span class='ocrx_word' id='word_1_115' title='bbox 480 2888 562 2964; x_wconf 82' lang='lat' dir='ltr'>Argo</span> 
     </span>
     <span class='ocr_line' id='line_1_21' title="bbox 359 2982 1113 3064; baseline 0 -20"><span class='ocrx_word' id='word_1_116' title='bbox 359 2997 396 3059; x_wconf 80' lang='lat'>35</span> <span class='ocrx_word' id='word_1_117' title='bbox 419 2982 553 3046; x_wconf 89' lang='lat' dir='ltr'>delectos</span> <span class='ocrx_word' id='word_1_118' title='bbox 567 2987 693 3064; x_wconf 86' lang='lat' dir='ltr'>heroas;</span> <span class='ocrx_word' id='word_1_119' title='bbox 713 2996 801 3048; x_wconf 89' lang='lat' dir='ltr'>erunt</span> <span class='ocrx_word' id='word_1_120' title='bbox 814 2985 906 3048; x_wconf 87' lang='lat' dir='ltr'>etiam</span> <span class='ocrx_word' id='word_1_121' title='bbox 919 2988 1012 3048; x_wconf 90' lang='lat' dir='ltr'>altera</span> <span class='ocrx_word' id='word_1_122' title='bbox 1026 2985 1113 3058; x_wconf 87' lang='lat' dir='ltr'>bella,</span> 
     </span>
     <span class='ocr_line' id='line_1_22' title="bbox 418 3079 1252 3163; baseline -0.002 -21"><span class='ocrx_word' id='word_1_123' title='bbox 418 3091 509 3160; x_wconf 87' lang='lat' dir='ltr'>atque</span> <span class='ocrx_word' id='word_1_124' title='bbox 522 3083 631 3148; x_wconf 87' lang='lat' dir='ltr'>iterum</span> <span class='ocrx_word' id='word_1_125' title='bbox 644 3087 684 3148; x_wconf 91' lang='lat' dir='ltr'>ad</span> <span class='ocrx_word' id='word_1_126' title='bbox 698 3083 820 3146; x_wconf 87' lang='lat' dir='ltr'>Troiam</span> <span class='ocrx_word' id='word_1_127' title='bbox 835 3103 968 3163; x_wconf 81' lang='lat' dir='ltr'>magnus</span> <span class='ocrx_word' id='word_1_128' title='bbox 976 3084 1108 3147; x_wconf 89' lang='lat' dir='ltr'>mittetur</span> <span class='ocrx_word' id='word_1_129' title='bbox 1119 3079 1252 3142; x_wconf 82' lang='lat' dir='ltr'>Achilles</span> 
     </span>
    </p>
   </div>
   <div class='ocr_carea' id='block_1_4' title="bbox 0 0 1458 4412">
    <p class='ocr_par' dir='ltr' id='par_1_6' title="bbox 0 0 1458 4412">
     <span class='ocr_line' id='line_1_23' title="bbox 0 0 1458 4412; baseline 0 3"><span class='ocrx_word' id='word_1_130' title='bbox 0 0 1458 4412; x_wconf 95' lang='lat' dir='ltr'> </span> 
     </span>
    </p>
   </div>
  </div>
 </body>
</html>
