2908 4412
398 421 421 486 6
745 436 891 488 ucross
914 437 953 486 rv

460 581 555 658 Hinc,
568 581 621 645 ubi
635 585 694 644 iam
710 584 828 644 firmata
840 582 938 645 uirum
952 593 983 648 te
997 582 1099 645 fecerit
1112 591 1203 655 aetas,

459 679 547 742 cedet
561 691 591 742 et
605 681 670 760 ipse
684 681 758 742 mari
772 693 886 756 uector,
901 702 958 743 nec
972 681 1093 744 nautica
1106 680 1194 758 pinus

460 779 588 842 mutabit
602 797 733 841 merces:
755 779 854 840 omnis
868 781 941 841 feret
955 779 1059 841 omnia
1072 781 1167 840 tellus.

399 897 439 950 40
460 879 490 938 N
493 897 532 938 on
546 889 656 938 rastros
670 879 799 957 patietur
813 879 931 951 humus,
947 897 1010 938 non
1024 878 1114 940 uinea
1127 878 1252 951 falcem5

459 976 600 1038 robustus
614 995 736 1055 quoque
750 975 810 1037 iarn
824 975 916 1037 tauris
931 976 999 1054 iuga
1014 977 1110 1038 soluet
1123 986 1222 1037 arator
1230 995 1239 1050 ;

460 1093 517 1136 nec
531 1074 629 1136 uarios
644 1075 740 1136 discet
753 1075 872 1136 mentiri
886 1077 954 1136 lana
967 1077 1093 1148 colores¹

460 1173 525 1251 ipse
539 1174 594 1235 sed
608 1173 639 1233 in
653 1174 745 1251 pratis
759 1173 835 1235 aries
849 1174 909 1234 iam
925 1161 1018 1234 s'iraue
1032 1171 1149 1234 rubenti

462 1270 582 1345 murice,
597 1271 657 1332 iam
672 1291 780 1333 croceo
794 1270 923 1333 mutabit
937 1273 1048 1333 uellera
1061 1273 1144 1348 luto;

402 1386 439 1448 45
462 1380 570 1448 sponte
584 1389 638 1430 sua
652 1371 766 1448 sandyx
781 1380 937 1448 pascentes
952 1369 1060 1431 uestiet
1074 1388 1175 1448 agnos.

464 1467 567 1528 ‘Talia
580 1467 693 1532 saecla’
708 1468 769 1530 suis
784 1467 922 1531 dixerunt
938 1473 946 1502 ‘
954 1469 1078 1530 currite’
1092 1467 1164 1529 fusis

462 1568 628 1628 concordes
642 1567 742 1628 stabili
757 1569 885 1629 fatorum
901 1567 1024 1629 numine
1039 1570 1157 1628 Parcae.

464 2225 635 2302 Aggredere
649 2243 668 2283 o
682 2242 816 2302 magnos,
832 2222 1000 2284 adelitiam
1015 2233 1143 2302 tempus,
1158 2222 1296 2294 honores,

464 2341 532 2383 cara
545 2323 637 2384 deum
653 2322 783 2395 suboles,
800 2340 942 2401 magnum
958 2321 1042 2383 Iouis
1055 2321 1282 2382 incrementum.

404 2439 443 2501 50
464 2422 575 2501 Aspice
589 2441 726 2484 conuexo
740 2433 896 2483 nutantem
910 2423 1045 2499 pondere
1059 2423 1215 2495 mundum,

465 2531 617 2598 terrasque
657 2531 828 2597 tractusque
866 2519 955 2581 maris
992 2522 1170 2597 caelumque
1203 2538 1268 2598 pro

525 2619 672 2680 fundum:

465 2718 575 2796 aspice,
591 2726 718 2780 uenturo
731 2717 879 2776 laetantur
893 2726 926 2777 ut
940 2715 1043 2776 omnia
1056 2717 1164 2778 saeclo.

466 2817 495 2878 0
510 2814 584 2876 mihi
599 2825 659 2876 tarn
673 2817 782 2892 longae
796 2806 916 2876 manea't
930 2833 997 2893 pars
1011 2813 1117 2876 ultima
1130 2813 1210 2876 uitae

466 2913 586 2992 spiritus
600 2924 639 2989 et,
654 2924 802 2992 quantum
817 2924 862 2974 sat
875 2911 931 2974 erit
944 2924 996 2974 tua
1009 2911 1109 2974 dicere
1123 2913 1209 2986 lacta,

407 3029 443 3091 55
466 3032 528 3074 non
543 3030 591 3072 me
605 3011 787 3073 carminibus
802 3011 902 3073 uincat
924 3029 981 3072 nec
995 3010 1143 3072 Thracius
1160 3011 1307 3088 Orpheus,
1388 3079 1401 3100 .

465 3129 522 3171 nec
544 3110 647 3184 Linus,
669 3109 740 3170 huic
761 3120 856 3172 mater
876 3109 1015 3188 quamuis
1033 3118 1125 3188 atque
1141 3107 1211 3170 huic
1225 3119 1309 3187 pater

528 3207 614 3282 adsit,

467 3305 580 3384 Orphei
596 3305 758 3384 Calliopea,
774 3301 852 3366 Lino
866 3307 1014 3367 formosus
1029 3306 1148 3383 Apollo.

468 3407 531 3466 Pan
545 3403 644 3478 etiam,
660 3404 789 3465 Arcadia
803 3423 923 3466 mecum
937 3403 962 3464 si
975 3403 1077 3464 iudice
1089 3413 1189 3478 certet,

360 3541 364 3548 ·
467 3505 531 3564 Pan
545 3504 635 3564 etiam
650 3501 780 3564 Arcadia
794 3501 876 3564 dicat
890 3521 922 3564 se
936 3501 1035 3564 iudice
1049 3501 1172 3562 uictum.
